
@article{ma2016end,
	title={End-to-end sequence labeling via bi-directional lstm-cnns-crf},
	author={Ma, Xuezhe and Hovy, Eduard},
	journal={arXiv preprint arXiv:1603.01354},
	year={2016}
}